
@article{adams2019,
	title = {Financial analysis of small-scale mango chips processing in Ghana},
	author = {Adams, Faizal and Amankwah, Kwadwo and Wongnaa, Camillus Abawiera and Honny, Emmanuel Patrick and Peters, Douglas Kofi and Asamoah, Barnie Juliet and Coffie, Bismark Benjamin},
	editor = {Yildiz, Fatih},
	year = {2019},
	month = {01},
	date = {2019-01-01},
	journal = {Cogent Food & Agriculture},
	pages = {1679701},
	volume = {5},
	number = {1},
	doi = {10.1080/23311932.2019.1679701},
	url = {https://doi.org/10.1080/23311932.2019.1679701}
}
